@incollection{hooker2023logic,
  title={Logic-Based Benders Cuts},
  author={Hooker, John},
  booktitle={Logic-Based Benders Decomposition: Theory and Applications},
  pages={25--59},
  year={2023},
  publisher={Springer}
}